% This file was created with JabRef 2.10.
% Encoding: Cp1252

@book{american2013diagnostic,
	title={Diagnostic and Statistical Manual of Mental Disorders (DSM-5{\textregistered})},
	author={American Psychiatric Association and others},
	year={2013},
	publisher={American Psychiatric Pub}
}

@article{baoi2014prevalence,
	title={Prevalence of autism spectrum disorder among children aged 8 years},
	author={Baoi, J},
	journal={MMWR Morb. Mortal. Wkly. Rep},
	volume={63},
	pages={1--21},
	year={2014}
}

@article{burgess2007quality,
	title={Quality of life for people with autism: Raising the standard for evaluating successful outcomes},
	author={Burgess, Audrey F and Gutstein, Steven E},
	journal={Child and Adolescent Mental Health},
	volume={12},
	number={2},
	pages={80--86},
	year={2007},
	publisher={Wiley Online Library}
}

@article{mihailidis2008coach,
	title={The COACH prompting system to assist older adults with dementia through handwashing: An efficacy study},
	author={Mihailidis, Alex and Boger, Jennifer N and Craig, Tammy and Hoey, Jesse},
	journal={BMC geriatrics},
	volume={8},
	number={1},
	pages={28},
	year={2008},
	publisher={BioMed Central Ltd}
}

@article{bimbrahw2012investigating,
	title={Investigating the efficacy of a computerized prompting device to assist children with autism spectrum disorder with activities of daily living},
	author={Bimbrahw, Justin and Boger, Jennifer and Mihailidis, Alex},
	journal={Assistive Technology},
	volume={24},
	number={4},
	pages={286--298},
	year={2012},
	publisher={Taylor \& Francis}
}

@article{francis2005autism,
	title={Autism interventions: a critical update},
	author={Francis, K},
	journal={Developmental Medicine \& Child Neurology},
	volume={47},
	number={7},
	pages={493--499},
	year={2005},
	publisher={Wiley Online Library}
}

@article{foxx2008applied,
	title={Applied behavior analysis treatment of autism: The state of the art},
	author={Foxx, Richard M},
	journal={Child and adolescent psychiatric clinics of North America},
	volume={17},
	number={4},
	pages={821--834},
	year={2008},
	publisher={Elsevier}
}

@book{foxx1982decreasing,
	title={Decreasing behaviors of severely retarded and autistic persons},
	author={Foxx, Richard M},
	year={1982},
	publisher={Research Press}
}

@article{howlin2009systematic,
	title={Systematic review of early intensive behavioral interventions for children with autism},
	author={Howlin, Patricia and Magiati, Iliana and Charman, Tony},
	journal={Journal Information},
	volume={114},
	number={1},
	year={2009}
}

@misc{bogin2010steps,
	title={Steps for implementation: Discrete trial training},
	author={Bogin, J and Sullivan, L and Rogers, S and Stabel, A and Hatton, D},
	year={2010},
	publisher={Sacramento, CA: The National Professional Development Center on Autism Spectrum Disorders, The MIND Institute, The University of California at Davis School of Medicine}
}

@article{lewis1998assistive,
	title={Assistive Technology and Learning Disabilities Today's Realities and Tomorrow's Promises},
	author={Lewis, Rena B},
	journal={Journal of Learning Disabilities},
	volume={31},
	number={1},
	pages={16--26},
	year={1998},
	publisher={Sage Publications}
}

@article{goldsmith2004use,
	title={Use of technology in interventions for children with autism.},
	author={Goldsmith, Tina R and LeBlanc, Linda A},
	journal={Journal of Early and Intensive Behavior Intervention},
	volume={1},
	number={2},
	pages={166},
	year={2004},
	publisher={Joseph D. Cautilli}
}

@article{taylor2004teaching,
	title={Teaching teenagers with autism to seek assistance when lost},
	author={Taylor, Bridget A and Hughes, Carrie E and Richard, Erin and Hoch, Hannah and Coello, Andrea Rodriquez},
	journal={Journal of Applied Behavior Analysis},
	volume={37},
	number={1},
	pages={79--82},
	year={2004},
	publisher={Wiley Online Library}
}

@article{shabani2002increasing,
	title={Increasing social initiations in children with autism: Effects of a tactile prompt},
	author={Shabani, Daniel B and Katz, Roger C and Wilder, David A and Beauchamp, Kenneth and Taylor, Crystal R and Fischer, Kirsten J},
	journal={Journal of Applied Behavior Analysis},
	volume={35},
	number={1},
	pages={79--83},
	year={2002},
	publisher={Wiley Online Library}
}

@article{taber1999use,
	title={Use of self-operated auditory prompts to decrease off-task behavior for a student with autism and moderate mental retardation},
	author={Taber, Teresa A and Seltzer, Allison and Heflin, L Juane and Alberto, Paul A},
	journal={Focus on Autism and Other Developmental Disabilities},
	volume={14},
	number={3},
	pages={159--166},
	year={1999},
	publisher={SAGE Publications}
}

@article{silver2001evaluation,
	title={Evaluation of a new computer intervention to teach people with autism or Asperger syndrome to recognize and predict emotions in others},
	author={Silver, Miriam and Oakes, Peter},
	journal={Autism},
	volume={5},
	number={3},
	pages={299--316},
	year={2001},
	publisher={Sage Publications}
}

@article{bernard2001enhancing,
	title={Enhancing social problem solving in children with autism and normal children through computer-assisted instruction},
	author={Bernard-Opitz, Vera and Sriram, N and Nakhoda-Sapuan, Sharul},
	journal={Journal of autism and developmental disorders},
	volume={31},
	number={4},
	pages={377--384},
	year={2001},
	publisher={Springer}
}

@article{moore2000interactive,
	title={Interactive multimedia systems for students with autism},
	author={Moore, David and Taylor, Jill},
	journal={Journal of Educational Media},
	volume={25},
	number={3},
	pages={169--177},
	year={2000},
	publisher={Taylor \& Francis}
}

@article{kinney2003computer,
	title={Computer-presented video models to teach generative spelling to a child with an autism spectrum disorder},
	author={Kinney, Elisabeth M and Vedora, Joseph and Stromer, Robert},
	journal={Journal of Positive Behavior Interventions},
	volume={5},
	number={1},
	pages={22--29},
	year={2003},
	publisher={SAGE Publications}
}

@article{bernard1999enhancing,
	title={Enhancing vocal imitations in children with autism using the IBM speech viewer},
	author={Bernard-Opitz, Vera and Sriram, N and Sapuan, Sharul},
	journal={Autism},
	volume={3},
	number={2},
	pages={131--147},
	year={1999},
	publisher={Sage Publications}
}

@article{chen1993comparison,
	title={Comparison of personal and computer-assisted instruction for children with autism.},
	author={Chen, Shen Hsing A and Bernard-Opitz, Vera},
	journal={Mental retardation},
	year={1993},
	publisher={American Assn on Mental Retardation}
}

@article{moore2000brief,
	title={Brief report: Vocabulary acquisition for children with autism: Teacher or computer instruction},
	author={Moore, Monique and Calvert, Sandra},
	journal={Journal of autism and developmental disorders},
	volume={30},
	number={4},
	pages={359--362},
	year={2000},
	publisher={Springer}
}

@article{lahm1996software,
	title={Software That Engages Young Children with Disabilities A Study of Design Features},
	author={Lahm, Elizabeth A},
	journal={Focus on Autism and Other Developmental Disabilities},
	volume={11},
	number={2},
	pages={115--124},
	year={1996},
	publisher={SAGE Publications}
}

@article{sturmey2003video,
	title={Video technology and persons with autism and other developmental disabilities},
	author={Sturmey, Peter},
	journal={Journal of Positive Behavior Interventions},
	volume={5},
	number={1},
	pages={3--4},
	year={2003}
}

@article{sherer2001enhancing,
	title={Enhancing Conversation Skills in Children with Autism Via Video Technology Which Is Better,“Self” or “Other” as a Model?},
	author={Sherer, Michelle and Pierce, Karen L and Paredes, Sara and Kisacky, Kimberly L and Ingersoll, Brooke and Schreibman, Laura},
	journal={Behavior modification},
	volume={25},
	number={1},
	pages={140--158},
	year={2001},
	publisher={Sage Publications}
}

@article{lasater1995effects,
	title={Effects of video self-modeling and feedback on task fluency: A home-based intervention},
	author={Lasater, Mary W and Brady, Michael P},
	journal={Education and treatment of children},
	pages={389--407},
	year={1995},
	publisher={JSTOR}
}

@article{taylor1999increasing,
	title={Increasing play-related statements in children with autism toward their siblings: Effects of video modeling},
	author={Taylor, Bridget A and Levin, Len and Jasper, Suzanne},
	journal={Journal of Developmental and Physical Disabilities},
	volume={11},
	number={3},
	pages={253--264},
	year={1999},
	publisher={Springer}
}

@article{thiemann2001social,
	title={Social stories, written text cues, and video feedback: Effects on social communication of children with autism},
	author={Thiemann, Kathy S and Goldstein, Howard},
	journal={Journal of Applied Behavior Analysis},
	volume={34},
	number={4},
	pages={425--446},
	year={2001},
	publisher={Wiley Online Library}
}

@article{shipley2002teaching,
	title={Teaching daily living skills to children with autism through instructional video modeling},
	author={Shipley-Benamou, Robin and Lutzker, John R and Taubman, Mitchell},
	journal={Journal of Positive Behavior Interventions},
	volume={4},
	number={3},
	pages={166--177},
	year={2002},
	publisher={SAGE Publications}
}

@article{corbett2003video,
	title={Video modeling: A window into the world of autism.},
	author={Corbett, Blythe A},
	journal={The Behavior Analyst Today},
	volume={4},
	number={3},
	pages={367},
	year={2003},
	publisher={Joseph D. Cautilli}
}

@article{charlop1989teaching,
	title={Teaching autistic children conversational speech using video modeling},
	author={Charlop, Marjorie H and Milstein, Janice P},
	journal={Journal of Applied Behavior Analysis},
	volume={22},
	number={3},
	pages={275--285},
	year={1989},
	publisher={Wiley Online Library}
}

@article{charlop2000comparison,
	title={A comparison of video modeling with in vivo modeling for teaching children with autism},
	author={Charlop-Christy, Marjorie H and Le, Loc and Freeman, Kurt A},
	journal={Journal of autism and developmental disorders},
	volume={30},
	number={6},
	pages={537--552},
	year={2000},
	publisher={Springer}
}

@article{mason2013efficacy,
	title={Efficacy of Point-of-View Video Modeling A Meta-Analysis},
	author={Mason, Rose A and Davis, Heather S and Boles, Margot B and Goodwyn, Fara},
	journal={Remedial and Special Education},
	volume={34},
	number={6},
	pages={333--345},
	year={2013},
	publisher={SAGE Publications}
}

@article{van2010comparison,
	title={A comparison of picture and video prompts to teach daily living skills to individuals with autism},
	author={Van Laarhoven, Toni and Kraus, Erika and Karpman, Keri and Nizzi, Rosemary and Valentino, Joe},
	journal={Focus on Autism and Other Developmental Disabilities},
	volume={25},
	number={4},
	pages={195--208},
	year={2010},
	publisher={SAGE Publications}
}

@article{fong2003survey,
	title={A survey of socially interactive robots},
	author={Fong, Terrence and Nourbakhsh, Illah and Dautenhahn, Kerstin},
	journal={Robotics and autonomous systems},
	volume={42},
	number={3},
	pages={143--166},
	year={2003},
	publisher={Elsevier}
}

@inproceedings{ziemke2001disentangling,
	title={Disentangling notions of embodiment},
	author={Ziemke, Tom},
	booktitle={Workshop on Developmental Embodied Cognition},
	pages={83},
	year={2001},
	organization={Citeseer}
}

@inproceedings{mataric2005role,
	title={The role of embodiment in assistive interactive robotics for the elderly},
	author={Mataric, Maja J},
	booktitle={AAAI fall symposium on caring machines: AI for the elderly, Arlington, VA},
	year={2005}
}

@article{young2011evaluating,
	title={Evaluating human-robot interaction},
	author={Young, James E and Sung, JaYoung and Voida, Amy and Sharlin, Ehud and Igarashi, Takeo and Christensen, Henrik I and Grinter, Rebecca E},
	journal={International Journal of Social Robotics},
	volume={3},
	number={1},
	pages={53--67},
	year={2011},
	publisher={Springer}
}

@article{goodrich2007human,
	title={Human-robot interaction: a survey},
	author={Goodrich, Michael A and Schultz, Alan C},
	journal={Foundations and trends in human-computer interaction},
	volume={1},
	number={3},
	pages={203--275},
	year={2007},
	publisher={Now Publishers Inc.}
}

@inproceedings{feil2005defining,
	title={Defining socially assistive robotics},
	author={Feil-Seifer, David and Mataric, Maja J},
	booktitle={Rehabilitation Robotics, 2005. ICORR 2005. 9th International Conference on},
	pages={465--468},
	year={2005},
	organization={IEEE}
}

@inproceedings{wainer2007embodiment,
	title={Embodiment and human-robot interaction: A task-based perspective},
	author={Wainer, Joshua and Feil-Seifer, David J and Shell, Dylan A and Mataric, Maja J},
	booktitle={Robot and Human interactive Communication, 2007. RO-MAN 2007. The 16th IEEE International Symposium on},
	pages={872--877},
	year={2007},
	organization={IEEE}
}

@article{diehl2012clinical,
	title={The clinical use of robots for individuals with autism spectrum disorders: A critical review},
	author={Diehl, Joshua J and Schmitt, Lauren M and Villano, Michael and Crowell, Charles R},
	journal={Research in autism spectrum disorders},
	volume={6},
	number={1},
	pages={249--262},
	year={2012},
	publisher={Elsevier}
}

@article{dautenhahn2004towards,
	title={Towards interactive robots in autism therapy: Background, motivation and challenges},
	author={Dautenhahn, Kerstin and Werry, Iain},
	journal={Pragmatics \& Cognition},
	volume={12},
	number={1},
	pages={1--35},
	year={2004},
	publisher={John Benjamins Publishing Company}
}

@article{robins2006does,
	title={Does appearance matter in the interaction of children with autism with a humanoid robot?},
	author={Robins, Ben and Dautenhahn, Kerstin and Dubowski, Janek},
	journal={Interaction Studies},
	volume={7},
	number={3},
	pages={509--542},
	year={2006},
	publisher={John Benjamins Publishing Company}
}

@article{pierno2008robotic,
	title={Robotic movement elicits visuomotor priming in children with autism},
	author={Pierno, Andrea C and Mari, Morena and Lusher, Dean and Castiello, Umberto},
	journal={Neuropsychologia},
	volume={46},
	number={2},
	pages={448--454},
	year={2008},
	publisher={Elsevier}
}

@article{robins2005robotic,
	title={Robotic assistants in therapy and education of children with autism: can a small humanoid robot help encourage social interaction skills?},
	author={Robins, Ben and Dautenhahn, Kerstin and Te Boekhorst, R and Billard, Aude},
	journal={Universal Access in the Information Society},
	volume={4},
	number={2},
	pages={105--120},
	year={2005},
	publisher={Springer}
}

@inproceedings{feil2009toward,
	title={Toward socially assistive robotics for augmenting interventions for children with autism spectrum disorders},
	author={Feil-Seifer, David and Matari{\'c}, Maja J},
	booktitle={Experimental robotics},
	pages={201--210},
	year={2009},
	organization={Springer}
}

@inproceedings{ravindra2009therapeutic,
	title={Therapeutic-assisted robot for children with autism},
	author={Ravindra, P and De Silva, S and Tadano, Katsunori and Saito, Azusa and Lambacher, Stephen G and Higashi, Mastake},
	booktitle={Intelligent Robots and Systems, 2009. IROS 2009. IEEE/RSJ International Conference on},
	pages={3561--3567},
	year={2009},
	organization={IEEE}
}

@article{duquette2008exploring,
	title={Exploring the use of a mobile robot as an imitation agent with children with low-functioning autism},
	author={Duquette, Audrey and Michaud, Fran{\c{c}}ois and Mercier, Henri},
	journal={Autonomous Robots},
	volume={24},
	number={2},
	pages={147--157},
	year={2008},
	publisher={Springer}
}

@article{murphy2009head,
	title={Head pose estimation in computer vision: A survey},
	author={Murphy-Chutorian, Erik and Trivedi, Mohan M},
	journal={Pattern Analysis and Machine Intelligence, IEEE Transactions on},
	volume={31},
	number={4},
	pages={607--626},
	year={2009},
	publisher={IEEE}
}

@inproceedings{funes2013person,
	title={Person independent 3d gaze estimation from remote rgb-d cameras},
	author={Funes Mora, Kenneth Alberto and Odobez, Jean-Marc},
	booktitle={International Conference on Image Processing},
	number={EPFL-CONF-192423},
	year={2013},
	organization={IEEE}
}

@inproceedings{li2000support,
	title={Support vector regression and classification based multi-view face detection and recognition},
	author={Li, Yongmin and Gong, Shaogang and Liddell, Heather},
	booktitle={Automatic Face and Gesture Recognition, 2000. Proceedings. Fourth IEEE International Conference on},
	pages={300--305},
	year={2000},
	organization={IEEE}
}

@incollection{voit2008head,
	title={Head Pose Estimation in Single-and Multi-view Environments-Results on the CLEAR’07 Benchmarks},
	author={Voit, Michael and Nickel, Kai and Stiefelhagen, Rainer},
	booktitle={Multimodal Technologies for Perception of Humans},
	pages={307--316},
	year={2008},
	publisher={Springer}
}

@article{kruger2002gabor,
	title={Gabor wavelet networks for efficient head pose estimation},
	author={Kr{\"u}ger, Volker and Sommer, Gerald},
	journal={Image and vision computing},
	volume={20},
	number={9},
	pages={665--672},
	year={2002},
	publisher={Elsevier}
}

@inproceedings{raytchev2004head,
	title={Head pose estimation by nonlinear manifold learning},
	author={Raytchev, Bisser and Yoda, Ikushi and Sakaue, Katsuhiko},
	booktitle={Pattern Recognition, 2004. ICPR 2004. Proceedings of the 17th International Conference on},
	volume={4},
	pages={462--466},
	year={2004},
	organization={IEEE}
}

@article{roweis2000nonlinear,
	title={Nonlinear dimensionality reduction by locally linear embedding},
	author={Roweis, Sam T and Saul, Lawrence K},
	journal={Science},
	volume={290},
	number={5500},
	pages={2323--2326},
	year={2000},
	publisher={American Association for the Advancement of Science}
}

@article{belkin2003laplacian,
	title={Laplacian eigenmaps for dimensionality reduction and data representation},
	author={Belkin, Mikhail and Niyogi, Partha},
	journal={Neural computation},
	volume={15},
	number={6},
	pages={1373--1396},
	year={2003},
	publisher={MIT Press}
}

@article{wang2007enhancement,
	title={EM enhancement of 3D head pose estimated by point at infinity},
	author={Wang, Jian-Gang and Sung, Eric},
	journal={Image and Vision Computing},
	volume={25},
	number={12},
	pages={1864--1874},
	year={2007},
	publisher={Elsevier}
}

@inproceedings{xiao2004real,
	title={Real-time combined 2D+ 3D active appearance models},
	author={Xiao, Jing and Baker, Simon and Matthews, Iain and Kanade, Takeo},
	booktitle={CVPR (2)},
	pages={535--542},
	year={2004}
}

@inproceedings{paysan20093d,
	title={A 3D face model for pose and illumination invariant face recognition},
	author={Paysan, Pascal and Knothe, Reinhard and Amberg, Brian and Romdhani, Sami and Vetter, Thomas},
	booktitle={Advanced Video and Signal Based Surveillance, 2009. AVSS'09. Sixth IEEE International Conference On},
	pages={296--301},
	year={2009},
	organization={IEEE}
}

@article{hansen2010eye,
	title={In the eye of the beholder: A survey of models for eyes and gaze},
	author={Hansen, Dan Witzner and Ji, Qiang},
	journal={Pattern Analysis and Machine Intelligence, IEEE Transactions on},
	volume={32},
	number={3},
	pages={478--500},
	year={2010},
	publisher={IEEE}
}

@inproceedings{valenti2008accurate,
	title={Accurate eye center location and tracking using isophote curvature},
	author={Valenti, Roberto and Gevers, Theo},
	booktitle={Computer Vision and Pattern Recognition, 2008. CVPR 2008. IEEE Conference on},
	pages={1--8},
	year={2008},
	organization={IEEE}
}

@article{colombo1999real,
	title={Real-time head tracking from the deformation of eye contours using a piecewise affine camera},
	author={Colombo, Carlo and Del Bimbo, Alberto},
	journal={Pattern Recognition Letters},
	volume={20},
	number={7},
	pages={721--730},
	year={1999},
	publisher={Elsevier}
}

@inproceedings{reinders1996locating,
	title={Locating facial features in image sequences using neural networks},
	author={Reinders, Marcel JT and Koch, RWC and Gerbrands, Jan J},
	booktitle={Automatic Face and Gesture Recognition, 1996., Proceedings of the Second International Conference on},
	pages={230--235},
	year={1996},
	organization={IEEE}
}

@article{sirohey2001eye,
	title={Eye detection in a face image using linear and nonlinear filters},
	author={Sirohey, Saad A and Rosenfeld, Azriel},
	journal={Pattern recognition},
	volume={34},
	number={7},
	pages={1367--1391},
	year={2001},
	publisher={Elsevier}
}

@article{valenti2012combining,
	title={Combining head pose and eye location information for gaze estimation},
	author={Valenti, Roberto and Sebe, Nicu and Gevers, Theo},
	journal={Image Processing, IEEE Transactions on},
	volume={21},
	number={2},
	pages={802--815},
	year={2012},
	publisher={IEEE}
}

@techreport{baluja1994non,
	title={Non-intrusive gaze tracking using artificial neural networks},
	author={Baluja, Shumeet and Pomerleau, Dean},
	year={1994},
	institution={DTIC Document}
}

@inproceedings{lu2011inferring,
	title={Inferring human gaze from appearance via adaptive linear regression},
	author={Lu, Feng and Sugano, Yusuke and Okabe, Takahiro and Sato, Yoichi},
	booktitle={Computer Vision (ICCV), 2011 IEEE International Conference on},
	pages={153--160},
	year={2011},
	organization={IEEE}
}

@inproceedings{funes2012gaze,
	title={Gaze estimation from multimodal kinect data},
	author={Funes Mora, Kenneth Alberto and Odobez, J},
	booktitle={Computer Vision and Pattern Recognition Workshops (CVPRW), 2012 IEEE Computer Society Conference on},
	pages={25--30},
	year={2012},
	organization={IEEE}
}

@inproceedings{bhargava2013demonstration,
	title={Demonstration of the Emote Wizard of Oz Interface for Empathic Robotic Tutors},
	author={Bhargava, Shweta and Janarthanam, Srinivasan and Hastie, Helen and Deshmukh, Amol and Aylett, Ruth and Corrigan, Lee and Castellano, Ginevra},
	booktitle={Proceedings of SIGdial},
	year={2013}
}

@article{constantino2002social,
	title={The social responsiveness scale},
	author={Constantino, John N and Gruber, Christian P},
	journal={Los Angeles: Western Psychological Services},
	year={2002}
}


@book{volkmar2005handbook,
	title={Handbook of Autism and Pervasive Developmental Disorders, Diagnosis, Development, Neurobiology, and Behavior},
	author={Volkmar, Fred R and Paul, Rhea and Klin, Ami and Cohen, Donald J},
	volume={1},
	year={2005},
	publisher={John Wiley \& Sons}
}

@inproceedings{bhargava2013demonstration,
	title={Demonstration of the Emote Wizard of Oz Interface for Empathic Robotic Tutors},
	author={Bhargava, Shweta and Janarthanam, Srinivasan and Hastie, Helen and Deshmukh, Amol and Aylett, Ruth and Corrigan, Lee and Castellano, Ginevra},
	booktitle={Proceedings of SIGdial},
	year={2013}
}

@article{smith2001discrete,
	title={Discrete trial training in the treatment of autism},
	author={Smith, Tristram},
	journal={Focus on autism and other developmental disabilities},
	volume={16},
	number={2},
	pages={86--92},
	year={2001},
	publisher={SAGE Publications}
}

@article{lovaas1987behavioral,
	title={Behavioral treatment and normal educational and intellectual functioning in young autistic children.},
	author={Lovaas, O Ivar},
	journal={Journal of consulting and clinical psychology},
	volume={55},
	number={1},
	pages={3},
	year={1987},
	publisher={American Psychological Association}
}

@article{case2008evidence,
	title={Evidence-based review of interventions for autism used in or of relevance to occupational therapy},
	author={Case-Smith, Jane and Arbesman, Marian},
	journal={American Journal of Occupational Therapy},
	volume={62},
	number={4},
	pages={416--429},
	year={2008},
	publisher={American Occupational Therapy Association}
}

@article{cohen2006early,
	title={Early intensive behavioral treatment: Replication of the UCLA model in a community setting},
	author={Cohen, Howard and Amerine-Dickens, Mila and Smith, Tristram},
	journal={Journal of Developmental \& Behavioral Pediatrics},
	volume={27},
	number={2},
	pages={S145--S155},
	year={2006},
	publisher={LWW}
}

@article{sallows2005intensive,
	title={Intensive behavioral treatment for children with autism: Four-year outcome and predictors},
	author={Sallows, Glen O and Graupner, Tamlynn D},
	journal={Journal Information},
	volume={110},
	number={6},
	year={2005}
}

@incollection{lang2014assistive,
	title={Assistive technology for people with autism spectrum disorders},
	author={Lang, Russell and Ramdoss, Sathiyaprakash and Raulston, Tracy and Carnet, Amarie and Sigafoos, Jeff and Didden, Robert and Moore, Dennis and O’Reilly, Mark F},
	booktitle={Assistive Technologies for People with Diverse Abilities},
	pages={157--190},
	year={2014},
	publisher={Springer}
}

@article{frank2004assistive,
	title={Assistive technology for cognitive rehabilitation: State of the art},
	author={Frank Lopresti, Edmund and Mihailidis, Alex and Kirsch, Ned},
	journal={Neuropsychological rehabilitation},
	volume={14},
	number={1-2},
	pages={5--39},
	year={2004},
	publisher={Taylor \& Francis}
}

@article{howlin2003outcome,
	title={Outcome in high-functioning adults with autism with and without early language delays: implications for the differentiation between autism and Asperger syndrome},
	author={Howlin, Patricia},
	journal={Journal of autism and developmental disorders},
	volume={33},
	number={1},
	pages={3--13},
	year={2003},
	publisher={Springer}
}

@article{weitz1997aac,
	title={AAC and children with developmental disabilities},
	author={Weitz, Cynthia and Dexter, Mark and Moore, Jacquelyn and Glennon, SL and DeCoste, DC},
	journal={Handbook of augmentative and alternative communication},
	pages={395--431},
	year={1997}
}

@article{scheuermann2002teaching,
	title={Teaching does make a difference.},
	author={Scheuermann, B. and Webber, J.},
	journal={Belmont: Wadsworth/Thomson Learning},
	year={2002}
}

@article{sigafoos2007assessing,
	title={Assessing correspondence following acquisition of an exchange-based communication system},
	author={Sigafoos, Jeff and Ganz, Jennifer B and O’Reilly, Mark and Lancioni, Giulio E and Schlosser, Ralf W},
	journal={Research in Developmental Disabilities},
	volume={28},
	number={1},
	pages={71--83},
	year={2007},
	publisher={Elsevier}
}

@article{sigafoos2001conditional,
	title={Conditional Use of Aided and Unaided AAC A Review and Clinical Case Demonstration},
	author={Sigafoos, Jeff and Drasgow, Erik},
	journal={Focus on Autism and Other Developmental Disabilities},
	volume={16},
	number={3},
	pages={152--161},
	year={2001},
	publisher={SAGE Publications}
}

@article{mirenda2001autism,
	title={Autism, Augmentative Communication, and Assistive Technology What Do We Really Know?},
	author={Mirenda, Pat},
	journal={Focus on Autism and Other Developmental Disabilities},
	volume={16},
	number={3},
	pages={141--151},
	year={2001},
	publisher={SAGE Publications}
}

@article{shane2012applying,
	title={Applying technology to visually support language and communication in individuals with autism spectrum disorders},
	author={Shane, Howard C and Laubscher, Emily H and Schlosser, Ralf W and Flynn, Suzanne and Sorce, James F and Abramson, Jennifer},
	journal={Journal of autism and developmental disorders},
	volume={42},
	number={6},
	pages={1228--1235},
	year={2012},
	publisher={Springer}
}

@article{bondy1994picture,
	title={The picture exchange communication system},
	author={Bondy, Andrew S and Frost, Lori A},
	journal={Focus on Autism and Other Developmental Disabilities},
	volume={9},
	number={3},
	pages={1--19},
	year={1994},
	publisher={SAGE Publications}
}

@article{ganz2012meta,
	title={Meta-analysis of PECS with individuals with ASD: Investigation of targeted versus non-targeted outcomes, participant characteristics, and implementation phase},
	author={Ganz, Jennifer B and Davis, John L and Lund, Emily M and Goodwyn, Fara D and Simpson, Richard L},
	journal={Research in developmental disabilities},
	volume={33},
	number={2},
	pages={406--418},
	year={2012},
	publisher={Elsevier}
}

@article{sulzer2009picture,
	title={The Picture Exchange Communication System (PECS): what do the data say?},
	author={Sulzer-Azaroff, Beth and Hoffman, Anne O and Horton, Catherine B and Bondy, Andrew and Frost, Lori},
	journal={Focus on Autism and Other Developmental Disabilities},
	year={2009},
	publisher={Sage Publications}
}

@article{tincani2010quantitative,
	title={Quantitative synthesis and component analysis of single-participant studies on the Picture Exchange Communication System},
	author={Tincani, Matt and Devis, Kathryn},
	journal={Remedial and Special Education},
	year={2010},
	publisher={SAGE Publications}
}

@article{ganz2012metab,
	title={A meta-analysis of single case research studies on aided augmentative and alternative communication systems with individuals with autism spectrum disorders},
	author={Ganz, Jennifer B and Earles-Vollrath, Theresa L and Heath, Amy K and Parker, Richard I and Rispoli, Mandy J and Duran, Jaime B},
	journal={Journal of autism and developmental disorders},
	volume={42},
	number={1},
	pages={60--74},
	year={2012},
	publisher={Springer}
}

@article{van2010communication,
	title={Communication interventions involving speech-generating devices for children with autism: A review of the literature},
	author={van der Meer, Larah AJ and Rispoli, Mandy},
	journal={Developmental Neurorehabilitation},
	volume={13},
	number={4},
	pages={294--306},
	year={2010},
	publisher={Informa UK Ltd UK}
}

@article{van2011assessing,
	title={Assessing preferences for AAC options in communication interventions for individuals with developmental disabilities: A review of the literature},
	author={van der Meer, Larah and Sigafoos, Jeff and O’Reilly, Mark F and Lancioni, Giulio E},
	journal={Research in Developmental Disabilities},
	volume={32},
	number={5},
	pages={1422--1431},
	year={2011},
	publisher={Elsevier}
}

@article{ganz2013moderation,
	title={Moderation of effects of AAC based on setting and types of aided AAC on outcome variables: An aggregate study of single-case research with individuals with ASD},
	author={Ganz, Jennifer B and Rispoli, Mandy J and Mason, Rose Ann and Hong, Ee Rea},
	journal={Developmental neurorehabilitation},
	volume={17},
	number={3},
	pages={184--192},
	year={2013},
	publisher={Informa UK Ltd. London}
}

@article{preston2009review,
	title={A review of the efficacy of the picture exchange communication system intervention},
	author={Preston, Deborah and Carter, Mark},
	journal={Journal of autism and developmental disorders},
	volume={39},
	number={10},
	pages={1471--1486},
	year={2009},
	publisher={Springer}
}

@article{yoder2006randomized,
	title={A randomized comparison of the effect of two prelinguistic communication interventions on the acquisition of spoken communication in preschoolers with ASD},
	author={Yoder, Paul and Stone, Wendy L},
	journal={Journal of Speech, Language, and Hearing Research},
	volume={49},
	number={4},
	pages={698--711},
	year={2006},
	publisher={ASHA}
}

@article{schlosser2008effects,
	title={Effects of augmentative and alternative communication intervention on speech production in children with autism: A systematic review},
	author={Schlosser, Ralf W and Wendt, Oliver},
	journal={American Journal of Speech-Language Pathology},
	volume={17},
	number={3},
	pages={212--230},
	year={2008},
	publisher={ASHA}
}

@article{kagohara2013using,
	title={Using iPods{\textregistered} and iPads{\textregistered} in teaching programs for individuals with developmental disabilities: A systematic review},
	author={Kagohara, Debora M and van der Meer, Larah and Ramdoss, Sathiyaprakash and O’Reilly, Mark F and Lancioni, Giulio E and Davis, Tonya N and Rispoli, Mandy and Lang, Russell and Marschik, Peter B and Sutherland, Dean and others},
	journal={Research in developmental disabilities},
	volume={34},
	number={1},
	pages={147--156},
	year={2013},
	publisher={Elsevier}
}

@article{ramdoss2011use,
	title={Use of computer-based interventions to teach communication skills to children with autism spectrum disorders: A systematic review},
	author={Ramdoss, Sathiyaprakash and Lang, Russell and Mulloy, Austin and Franco, Jessica and O’Reilly, Mark and Didden, Robert and Lancioni, Giulio},
	journal={Journal of Behavioral Education},
	volume={20},
	number={1},
	pages={55--76},
	year={2011},
	publisher={Springer}
}

@article{hetzroni2005logos,
	title={From logos to orthographic symbols: A multilevel fading computer program for teaching nonverbal children with autism},
	author={Hetzroni, Orit E and Shalem, Uri},
	journal={Focus on Autism and Other Developmental Disabilities},
	volume={20},
	number={4},
	pages={201--212},
	year={2005},
	publisher={SAGE Publications}
}

@article{heimann1995increasing,
	title={Increasing reading and communication skills in children with autism through an interactive multimedia computer program},
	author={Heimann, Mikael and Nelson, Keith E and Tjus, Tomas and Gillberg, Christopher},
	journal={Journal of autism and developmental disorders},
	volume={25},
	number={5},
	pages={459--480},
	year={1995},
	publisher={Springer}
}

@article{bosseler2003development,
	title={Development and evaluation of a computer-animated tutor for vocabulary and language learning in children with autism},
	author={Bosseler, Alexis and Massaro, Dominic W},
	journal={Journal of autism and developmental disorders},
	volume={33},
	number={6},
	pages={653--672},
	year={2003},
	publisher={Springer}
}

@article{coleman2005using,
	title={Using computer-assisted instruction and the nonverbal reading approach to teach word identification},
	author={Coleman-Martin, Mari Beth and Heller, Kathryn Wolff and Cihak, David F and Irvine, Kathryn L},
	journal={Focus on Autism and Other Developmental Disabilities},
	volume={20},
	number={2},
	pages={80--90},
	year={2005},
	publisher={SAGE Publications}
}

@article{massaro2006read,
	title={Read my lips The importance of the face in a computer-animated tutor for vocabulary learning by children with autism},
	author={Massaro, Dominic W and Bosseler, Alexis},
	journal={Autism},
	volume={10},
	number={5},
	pages={495--510},
	year={2006},
	publisher={Sage Publications}
}

@article{parsons1993effect,
	title={The effect of computers with synthesized speech and no speech on the spontaneous communication of children with autism},
	author={Parsons, Carl L and La Sorte, Diane},
	journal={Australian Journal of Human Communication Disorders},
	volume={21},
	number={1},
	pages={12--31},
	year={1993},
	publisher={Informa UK Ltd UK}
}

@article{simpson2004embedded,
	title={Embedded video and computer based instruction to improve social skills for students with autism},
	author={Simpson, Amber and Langone, John and Ayres, Kevin M},
	journal={Education and Training in Developmental Disabilities},
	pages={240--252},
	year={2004},
	publisher={JSTOR}
}

@article{hetzroni2004effects,
	title={Effects of a computer-based intervention program on the communicative functions of children with autism},
	author={Hetzroni, Orit E and Tannous, Juman},
	journal={Journal of autism and developmental disorders},
	volume={34},
	number={2},
	pages={95--113},
	year={2004},
	publisher={Springer}
}

@article{2005team,
	title={Team Up with Timo: Animated Learning Tutor. [Computer Software]},
	journal={San Francisco, CA: Animated Speech Corporation},
	year={2005}
}

@misc{mackiev2010welcome,
	title = {{MacKiev.com} Welcome to Roger Wagner’s HyperStudio},
	howpublished = {\url{http://www.mackiev.com/hyperstudio}},
	note = {Accessed: September 27, 2010}
}

@misc{abledata2010alpha,
	title = {{AbleData} Alpha interactive language series—Gator super sentences},
	howpublished = {\url{http://www.abledata.com}},
	note = {Accessed: July 18, 2010}
}

@article{1997microsoft,
	title={Microsoft PowerPoint [Computer Software]},
	journal={Redmond, WA: Microsoft Corporation},
	year={1997–2003}
}

@misc{synapse2010the,
	title = {{Synapse Adaptive} The therapy tool that has people talking},
	howpublished = {\url{http://www.synapseadaptive.com/edmark/prod/sv3}},
	note = {Accessed: July 20, 2010}
}

@article{lovaas1979stimulus,
	title={Stimulus overselectivity in autism: A review of research.},
	author={Lovaas, O Ivar and Koegel, Robert L and Schreibman, Laura},
	journal={Psychological bulletin},
	volume={86},
	number={6},
	pages={1236},
	year={1979},
	publisher={American Psychological Association}
}

@article{ramdoss2011useb,
	title={Use of computer-based interventions to improve literacy skills in students with autism spectrum disorders: A systematic review},
	author={Ramdoss, Sathiyaprakash and Mulloy, Austin and Lang, Russell and O’Reilly, Mark and Sigafoos, Jeff and Lancioni, Giulio and Didden, Robert and El Zein, Farah},
	journal={Research in Autism Spectrum Disorders},
	volume={5},
	number={4},
	pages={1306--1318},
	year={2011},
	publisher={Elsevier}
}

@inproceedings{spitzer1980diagnostic,
	title={Diagnostic and statistical manual of mental disorders},
	author={Spitzer, Robert L and Md, Kurt Kroenke and Williams, Janet BW},
	booktitle={American Psychiatric Association},
	year={1980},
	organization={Citeseer}
}

@article{rao2008social,
	title={Social skills interventions for children with Asperger’s syndrome or high-functioning autism: A review and recommendations},
	author={Rao, Patricia A and Beidel, Deborah C and Murray, Michael J},
	journal={Journal of autism and developmental disorders},
	volume={38},
	number={2},
	pages={353--361},
	year={2008},
	publisher={Springer}
}

@article{taylor1998teaching,
	title={Teaching a student with autism to make verbal initiations: Effects of a tactile prompt},
	author={Taylor, Bridget A and Levin, Len},
	journal={Journal of Applied Behavior Analysis},
	volume={31},
	number={4},
	pages={651--654},
	year={1998},
	publisher={Wiley Online Library}
}

@article{wichnick2010effect,
	title={The effect of a script-fading procedure on responses to peer initiations among young children with autism},
	author={Wichnick, Alison M and Vener, Susan M and Pyrtek, Magdalena and Poulson, Claire L},
	journal={Research in Autism Spectrum Disorders},
	volume={4},
	number={2},
	pages={290--299},
	year={2010},
	publisher={Elsevier}
}

@article{stevenson2000social,
	title={Social interaction skills for children with autism: a script-fading procedure for nonreaders},
	author={Stevenson, Cynthia L and Krantz, Patricia J and McClannahan, Lynn E},
	journal={Behavioral Interventions},
	volume={15},
	number={1},
	pages={1--20},
	year={2000},
	publisher={Wiley Online Library}
}

@article{ramdoss2012computer,
	title={Computer-based interventions to improve social and emotional skills in individuals with autism spectrum disorders: A systematic review},
	author={Ramdoss, Sathiyaprakash and Machalicek, Wendy and Rispoli, Mandy and Mulloy, Austin and Lang, Russell and O'Reilly, Mark},
	journal={Developmental Neurorehabilitation},
	volume={15},
	number={2},
	pages={119--135},
	year={2012},
	publisher={Informa UK, Ltd. London}
}

@article{shukla2009evaluating,
	title={Evaluating the effectiveness of video instruction on social and communication skills training for children with autism spectrum disorders: A review of the literature},
	author={Shukla-Mehta, Smita and Miller, Trube and Callahan, Kevin J},
	journal={Focus on Autism and Other Developmental Disabilities},
	year={2009},
	publisher={SAGE Publications}
}

@article{bellini2007meta,
	title={A meta-analysis of video modeling and video self-modeling interventions for children and adolescents with autism spectrum disorders},
	author={Bellini, Scott and Akullian, Jennifer},
	journal={Exceptional children},
	volume={73},
	number={3},
	pages={264--287},
	year={2007},
	publisher={SAGE Publications}
}

@article{graetz2006show,
	title={Show time using video self-modeling to decrease inappropriate behavior},
	author={Graetz, Janet E and Mastropieri, Margo A and Scruggs, Thomas E},
	journal={Teaching exceptional children},
	volume={38},
	number={5},
	pages={43--48},
	year={2006},
	publisher={SAGE Publications}
}

@article{hitchcock2003video,
	title={Video Self-Modeling Intervention in School-Based Settings A Review},
	author={Hitchcock, Caryl H and Dowrick, Peter W and Prater, Mary Anne},
	journal={Remedial and Special Education},
	volume={24},
	number={1},
	pages={36--45},
	year={2003},
	publisher={SAGE Publications}
}

@article{hine2006using,
	title={Using point-of-view video modeling to teach play to preschoolers with autism},
	author={Hine, Jeffrey F and Wolery, Mark},
	journal={Topics in Early Childhood Special Education},
	volume={26},
	number={2},
	pages={83--93},
	year={2006},
	publisher={SAGE Publications}
}

@article{buggey2005video,
	title={Video self-modeling applications with students with autism spectrum disorder in a small private school setting},
	author={Buggey, Tom},
	journal={Focus on autism and other developmental disabilities},
	volume={20},
	number={1},
	pages={52--63},
	year={2005},
	publisher={SAGE Publications}
}

@article{bandura1969principles,
	title={Principles of behavior modification.},
	author={Bandura, Albert},
	year={1969},
	publisher={Holt, Rinehart, \& Winston}
}

@article{buggey1999training,
	title={Training responding behaviors in students with autism using videotaped self-modeling},
	author={Buggey, Tom and Toombs, Kristina and Gardener, Pia and Cervetti, Michele},
	journal={Journal of Positive Behavior Interventions},
	volume={1},
	number={4},
	pages={205--214},
	year={1999},
	publisher={SAGE Publications}
}

@article{liss2001predictors,
	title={Predictors and correlates of adaptive functioning in children with developmental disorders},
	author={Liss, Miriam and Harel, Brian and Fein, Deborah and Allen, Doris and Dunn, Michelle and Feinstein, Carl and Morris, Robin and Waterhouse, Lynn and Rapin, Isabel},
	journal={Journal of autism and developmental disorders},
	volume={31},
	number={2},
	pages={219--230},
	year={2001},
	publisher={Springer}
}

@article{smith2012developmental,
	title={Developmental trajectories in adolescents and adults with autism: The case of daily living skills},
	author={Smith, Leann E and Maenner, Matthew J and Seltzer, Marsha Mailick},
	journal={Journal of the American Academy of Child \& Adolescent Psychiatry},
	volume={51},
	number={6},
	pages={622--631},
	year={2012},
	publisher={Elsevier}
}

@article{ayres2009acquisition,
	title={Acquisition and generalization of chained tasks taught with computer based video instruction to children with autism},
	author={Ayres, Kevin M and Maguire, Amy and McClimon, Desiree},
	journal={Education and Training in Developmental Disabilities},
	volume={44},
	number={4},
	pages={493},
	year={2009}
}

@article{bereznak2012video,
	title={Video self-prompting and mobile technology to increase daily living and vocational independence for students with autism spectrum disorders},
	author={Bereznak, Sally and Ayres, Kevin M and Mechling, Linda C and Alexander, Jennifer L},
	journal={Journal of Developmental and Physical Disabilities},
	volume={24},
	number={3},
	pages={269--285},
	year={2012},
	publisher={Springer}
}

@article{hutcherson2004computer,
	title={Computer assisted instruction to teach item selection in grocery stores: An assessment of acquisition and generalization},
	author={Hutcherson, Karen and Langone, John and Ayres, Kevin and Clees, Tom},
	journal={Journal of Special Education Technology},
	volume={19},
	number={4},
	pages={33--42},
	year={2004},
	publisher={Technology and Media Division of the Council for Exceptional Children, University of Oklahoma, College of Education, 820 Van Vleet Oval, Norman, OK 73072. Web site: http://jset. unlv. edu.}
}

@article{mechling2010computer,
	title={Computer-based video instruction to teach students with intellectual disabilities to use public bus transportation},
	author={Mechling, Linda and O'Brien, Eileen},
	journal={Education and Training in Autism and Developmental Disabilities},
	pages={230--241},
	year={2010},
	publisher={JSTOR}
}

@article{rosenberg2010evaluating,
	title={Evaluating the utility of commercial videotapes for teaching hand washing to children with autism},
	author={Rosenberg, Nancy E and Schwartz, Ilene S and Davis, Carol A},
	journal={Education and Treatment of Children},
	volume={33},
	number={3},
	pages={443--455},
	year={2010},
	publisher={West Virginia University Press}
}

@article{shipley2002teaching,
	title={Teaching daily living skills to children with autism through instructional video modeling},
	author={Shipley-Benamou, Robin and Lutzker, John R and Taubman, Mitchell},
	journal={Journal of Positive Behavior Interventions},
	volume={4},
	number={3},
	pages={166--177},
	year={2002},
	publisher={SAGE Publications}
}

@article{sigafoos2007evaluation,
	title={Evaluation of a video prompting and fading procedure for teaching dish washing skills to adults with developmental disabilities},
	author={Sigafoos, Jeff and O’Reilly, Mark and Cannella, Helen and Edrisinha, Chaturi and de la Cruz, Berenice and Upadhyaya, Megha and Lancioni, Giulio E and Hundley, Anna and Andrews, Alonzo and Garver, Carolyn and others},
	journal={Journal of Behavioral Education},
	volume={16},
	number={2},
	pages={93--109},
	year={2007},
	publisher={Springer}
}

@article{sigafoos2005computer,
	title={Computer-presented video prompting for teaching microwave oven use to three adults with developmental disabilities},
	author={Sigafoos, Jeff and O’Reilly, Mark and Cannella, Helen and Upadhyaya, Megha and Edrisinha, Chaturi and Lancioni, Giulio E and Hundley, Anna and Andrews, Alonzo and Garver, Carolyn and Young, David},
	journal={Journal of Behavioral Education},
	volume={14},
	number={3},
	pages={189--201},
	year={2005},
	publisher={Springer}
}

@article{van2010comparison,
	title={A comparison of picture and video prompts to teach daily living skills to individuals with autism},
	author={Van Laarhoven, Toni and Kraus, Erika and Karpman, Keri and Nizzi, Rosemary and Valentino, Joe},
	journal={Focus on Autism and Other Developmental Disabilities},
	volume={25},
	number={4},
	pages={195--208},
	year={2010},
	publisher={SAGE Publications}
}

@inproceedings{newcombe2011kinectfusion,
	title={KinectFusion: Real-time dense surface mapping and tracking},
	author={Newcombe, Richard A and Izadi, Shahram and Hilliges, Otmar and Molyneaux, David and Kim, David and Davison, Andrew J and Kohi, Pushmeet and Shotton, Jamie and Hodges, Steve and Fitzgibbon, Andrew},
	booktitle={Mixed and augmented reality (ISMAR), 2011 10th IEEE international symposium on},
	pages={127--136},
	year={2011},
	organization={IEEE}
}

@inproceedings{amberg2008expression,
	title={Expression invariant 3D face recognition with a morphable model},
	author={Amberg, Brian and Knothe, Reinhard and Vetter, Thomas},
	booktitle={Automatic Face \& Gesture Recognition, 2008. FG'08. 8th IEEE International Conference on},
	pages={1--6},
	year={2008},
	organization={IEEE}
}

@inproceedings{rusu20113d,
	title={3d is here: Point cloud library (pcl)},
	author={Rusu, Radu Bogdan and Cousins, Steve},
	booktitle={Robotics and Automation (ICRA), 2011 IEEE International Conference on},
	pages={1--4},
	year={2011},
	organization={IEEE}
}

@article{pirovano2011kinfu,
	title={KinFu – An Open-source Implementation of Kinect Fusion + Case Study: Implementing a 3D Scanner with PCL},
	author={M. Pirovano},
	journal={3D Structure from Visual Motion},
	year={2011/2012},
}

@inproceedings{tomasi1998bilateral,
	title={Bilateral filtering for gray and color images},
	author={Tomasi, Carlo and Manduchi, Roberto},
	booktitle={Computer Vision, 1998. Sixth International Conference on},
	pages={839--846},
	year={1998},
	organization={IEEE}
}

@article{low2004linear,
	title={Linear least-squares optimization for point-to-plane icp surface registration},
	author={Low, Kok-Lim},
	journal={Chapel Hill, University of North Carolina},
	year={2004}
}

@inproceedings{bertalmio2000image,
	title={Image inpainting},
	author={Bertalmio, Marcelo and Sapiro, Guillermo and Caselles, Vincent and Ballester, Coloma},
	booktitle={Proceedings of the 27th annual conference on Computer graphics and interactive techniques},
	pages={417--424},
	year={2000},
	organization={ACM Press/Addison-Wesley Publishing Co.}
}

@inproceedings{mora2014eyediap,
	title={EYEDIAP: a database for the development and evaluation of gaze estimation algorithms from RGB and RGB-D cameras},
	author={Mora, Kenneth Alberto Funes and Monay, Florent and Odobez, Jean-Marc},
	booktitle={Proceedings of the Symposium on Eye Tracking Research and Applications},
	pages={255--258},
	year={2014},
	organization={ACM}
}

@article{kim2001second,
	title={Second order cone programming relaxation of nonconvex quadratic optimization problems},
	author={Kim, Sunyonga and Kojima, Masakazu},
	journal={Optimization Methods and Software},
	volume={15},
	number={3-4},
	pages={201--224},
	year={2001},
	publisher={Taylor \& Francis}
}

@incollection{torta2012can,
	title={How can a robot attract the attention of its human partner? a comparative study over different modalities for attracting attention},
	author={Torta, Elena and van Heumen, Jim and Cuijpers, Raymond H and Juola, James F},
	booktitle={Social robotics},
	pages={288--297},
	year={2012},
	publisher={Springer}
}

@article{herrera2012joint,
	title={Joint depth and color camera calibration with distortion correction},
	author={Herrera, C and Kannala, Juho and Heikkil{\"a}, Janne and others},
	journal={Pattern Analysis and Machine Intelligence, IEEE Transactions on},
	volume={34},
	number={10},
	pages={2058--2064},
	year={2012},
	publisher={IEEE}
}

@misc{autism2014facts,
	title = {{Autism Speaks Canada} Facts and Stats},
	howpublished = {\url{http://www.autismservicesinc.com/pdf/Autism%20Speaks%20Canada%20Updated%20Facts%20and%20Stats.pdf}},
	note = {Accessed: June 20, 2015}
}

@inproceedings{kozima2005interactive,
	title={Interactive robots for communication-care: A case-study in autism therapy},
	author={Kozima, Hideki and Nakagawa, Cocoro and Yasuda, Yuriko},
	booktitle={Robot and Human Interactive Communication, 2005. ROMAN 2005. IEEE International Workshop on},
	pages={341--346},
	year={2005},
	organization={IEEE}
}

@article{robins2004robot,
	title={Robot-mediated joint attention in children with autism: A case study in robot-human interaction},
	author={Robins, Ben and Dickerson, Paul and Stribling, Penny and Dautenhahn, Kerstin},
	journal={Interaction studies},
	volume={5},
	number={2},
	pages={161--198},
	year={2004},
	publisher={John Benjamins Publishing Company}
}

@inproceedings{robins2009isolation,
	title={From isolation to communication: a case study evaluation of robot assisted play for children with autism with a minimally expressive humanoid robot},
	author={Robins, Ben and Dautenhahn, Kerstin and Dickerson, Paul},
	booktitle={Advances in Computer-Human Interactions, 2009. ACHI'09. Second International Conferences on},
	pages={205--211},
	year={2009},
	organization={IEEE}
}

@inproceedings{dautenhahn1999robots,
	title={Robots as social actors: Aurora and the case of autism},
	author={Dautenhahn, Kerstin},
	booktitle={Proc. CT99, The Third International Cognitive Technology Conference, August, San Francisco},
	volume={359},
	pages={374},
	year={1999}
}

@book{yin2013case,
	title={Case study research: Design and methods},
	author={Yin, Robert K},
	year={2013},
	publisher={Sage publications}
}

@book{merriam2014qualitative,
	title={Qualitative research: A guide to design and implementation},
	author={Merriam, Sharan B},
	year={2014},
	publisher={John Wiley \& Sons}
}

@article{constantino2002social,
	title={The social responsiveness scale},
	author={Constantino, John N and Gruber, Christian P},
	journal={Los Angeles: Western Psychological Services},
	year={2002}
}

@article{eldevik2009meta,
	title={Meta-analysis of early intensive behavioral intervention for children with autism},
	author={Eldevik, Sigmund and Hastings, Richard P and Hughes, J Carl and Jahr, Erik and Eikeseth, Svein and Cross, Scott},
	journal={Journal of Clinical Child \& Adolescent Psychology},
	volume={38},
	number={3},
	pages={439--450},
	year={2009},
	publisher={Taylor \& Francis}
}

@article{reichow2009comprehensive,
	title={Comprehensive synthesis of early intensive behavioral interventions for young children with autism based on the UCLA young autism project model},
	author={Reichow, Brian and Wolery, Mark},
	journal={Journal of autism and developmental disorders},
	volume={39},
	number={1},
	pages={23--41},
	year={2009},
	publisher={Springer}
}

@article{peters2011meta,
	title={A meta-analytic study on the effectiveness of comprehensive ABA-based early intervention programs for children with autism spectrum disorders},
	author={Peters-Scheffer, Nienke and Didden, Robert and Korzilius, Hubert and Sturmey, Peter},
	journal={Research in Autism Spectrum Disorders},
	volume={5},
	number={1},
	pages={60--69},
	year={2011},
	publisher={Elsevier}
}

@article{hojat2004visitor,
	title={A visitor's guide to effect sizes--statistical significance versus practical (clinical) importance of research findings},
	author={Hojat, Mohammadreza and Xu, Gang},
	journal={Advances in health sciences education},
	volume={9},
	number={3},
	pages={241--249},
	year={2004},
	publisher={Springer}
}

@article{thill2012robot,
	title={Robot-assisted therapy for autism spectrum disorders with (partially) autonomous control: Challenges and outlook},
	author={Thill, Serge and Pop, Cristina A and Belpaeme, Tony and Ziemke, Tom and Vanderborght, Bram},
	journal={Paladyn, Journal of Behavioral Robotics},
	volume={3},
	number={4},
	pages={209--217},
	year={2012}
}

@article{keenan2014autism,
	title={Autism and ABA: The Gulf Between North America and Europe},
	author={Keenan, Mickey and Dillenburger, Karola and R{\"o}ttgers, Hanns R{\"u}diger and Dounavi, Katerina and J{\'o}nsd{\'o}ttir, Sigr{\'\i}tur L{\'o}a and Moderato, Paolo and Schenk, Jacqueline JAM and Viru{\'e}s-Ortega, Javier and Roll-Pettersson, Lise and Martin, Neil},
	journal={Review Journal of Autism and Developmental Disorders},
	volume={2},
	number={2},
	pages={167--183},
	year={2014},
	publisher={Springer}
}

@article{farley2009twenty,
	title={Twenty-year outcome for individuals with autism and average or near-average cognitive abilities},
	author={Farley, Megan A and McMahon, William M and Fombonne, Eric and Jenson, William R and Miller, Judith and Gardner, Michael and Block, Heidi and Pingree, Carmen B and Ritvo, Edward R and Ritvo, Riva Arielle and others},
	journal={Autism Research},
	volume={2},
	number={2},
	pages={109--118},
	year={2009},
	publisher={Wiley Online Library}
}

@article{sparrow2005vineland,
	title={Vineland-II},
	author={Sparrow, S and Cicchetti, D and Balla, D},
	journal={Vineland adaptive behavior scales. Survey forms manual. Minneapolis: NCS Pearson Inc},
	year={2005}
}

@article{rajendran2007cognitive,
	title={Cognitive theories of autism},
	author={Rajendran, Gnanathusharan and Mitchell, Peter},
	journal={Developmental Review},
	volume={27},
	number={2},
	pages={224--260},
	year={2007},
	publisher={Elsevier}
}

@article{chin2000teaching,
	title={Teaching conversational skills to children with autism: Effect on the development of a theory of mind},
	author={Chin, Hsiao Yun and Bernard-Opitz, Vera},
	journal={Journal of Autism and Developmental Disorders},
	volume={30},
	number={6},
	pages={569--583},
	year={2000},
	publisher={Springer}
}

@article{teunisse2007cognitieve,
	title={Cognitieve voorspellers van sociale vooruitgang bij jongeren met een autismespectrumstoornis.},
	author={Teunisse, JP and Krebbers, FTT and Palmen, A and Van Der Sijde, A and Aerts, FHTM and Mommersteeg, MCJ and Berger, HJC},
	journal={Tijdschrift voor Psychiatrie},
	year={2007},
	publisher={Uitgeverij Boom}
}

@article{howard2005comparison,
	title={A comparison of intensive behavior analytic and eclectic treatments for young children with autism},
	author={Howard, Jane S and Sparkman, Coleen R and Cohen, Howard G and Green, Gina and Stanislaw, Harold},
	journal={Research in developmental disabilities},
	volume={26},
	number={4},
	pages={359--383},
	year={2005},
	publisher={Elsevier}
}

@article{mcgee1986extension,
	title={An extension of incidental teaching procedures to reading instruction for autistic children},
	author={McGee, Gail G and Krantz, Patricia J and McClannahan, Lynn E},
	journal={Journal of Applied Behavior Analysis},
	volume={19},
	number={2},
	pages={147--157},
	year={1986},
	publisher={Wiley Online Library}
}

@article{koegel2003teaching,
	title={Teaching children with autism self-initiations as a pivotal response},
	author={Koegel, Lynn Kern and Carter, Cynthia M and Koegel, Robert L},
	journal={Topics in Language Disorders},
	volume={23},
	number={2},
	pages={134--145},
	year={2003},
	publisher={LWW}
}

@book{palmen2013behavioral,
	title={Behavioral interventions in adolescents and young adults with high-functioning ASD: Improvement, generalization, and maintenance of adaptive skills},
	author={Palmen, Anna Maria Josephina Wilhelmina},
	year={2013},
	publisher={UB Nijmegen [Host]}
}

@article{ashton2001applications,
	title={The applications of ABA to technology: The discrete trial trainer},
	author={Ashton, Tamarah M},
	journal={Journal of Special Education Technology},
	volume={16},
	number={1},
	pages={41},
	year={2001},
	publisher={Exceptional Innovations, Inc.}
}


@inproceedings{picardo2014towards,
	title={Towards designing assistive software applications for discrete trial training},
	author={Picardo, Valerie and Metson, Samuel and Hoda, Rashina and Amor, Robert and Arnold-Saritepe, Angela and Sharp, Rebecca and Brand, Denys},
	booktitle={Companion Proceedings of the 36th International Conference on Software Engineering},
	pages={622--623},
	year={2014},
	organization={ACM}
}

@inproceedings{lathan2007using,
	title={Using cosmo’s learning system (CLS) with children with autism},
	author={Lathan, Corinna and Boser, Katharina and Safos, Charlotte and Frentz, Cathy and Powers, Kaitlin},
	booktitle={Proceedings of the International Conference on Technology-Based Learning with Disabilities},
	pages={37--47},
	year={2007},
	organization={Citeseer}
}

@article{whalen2010efficacy,
	title={Efficacy of TeachTown: Basics computer-assisted intervention for the intensive comprehensive autism program in Los Angeles unified school district},
	author={Whalen, Christina and Moss, Debbie and Ilan, Aaron B and Vaupel, Manya and Fielding, Paul and Macdonald, Kevin and Cernich, Shannon and Symon, Jennifer},
	journal={Autism},
	volume={14},
	number={3},
	pages={179--197},
	year={2010},
	publisher={Sage Publications}
}

@inproceedings{congress1997individuals,
	title={Individuals with disabilities education act amendments of 1997},
	author={Congress, US},
	booktitle={Washington, DC: US Congress},
	year={1997}
}